@misc{aumento_investidores,
	AUTHOR = "B3",
	TITLE = "B3 atinge 5 milh\~oes de contas de investidores em renda vari\'avel em janeiro",
	HOWPUBLISHED = "https://www.b3.com.br/pt\_br/noticias/5-milhoes-de-contas-de-investidores.htm",
	NOTE = "(Acesso em 21 de Mar\c{c}o de 2022)"
}

@misc{aumento_investidores_2,
	AUTHOR = "VALOR ECON\^OMICO",
	TITLE = "Volume no segmento de a\c{c}\~oes tem alta de 27,6\% em maio, informa B3",
	HOWPUBLISHED = "https://valor.globo.com/financas/noticia/2021/06/11/volume-no-segmento-de-acoes-tem-alta-anual-de-276percent-em-maio-informa-b3.ghtml",
	NOTE = "(Acesso em 21 de Mar\c{c}o de 2022)"
}

@misc{robos_investidores,
	AUTHOR = "INFOMONEY",
	TITLE = "Rob\^os de investimentos j\'a controlam mais de US\$ 200 bilh\~oes ao redor do mundo",
	HOWPUBLISHED = "https://www.infomoney.com.br/onde-investir/robos-de-investimentos-ja-controlam-mais-de-us-200-bilhoes-ao-redor-do-mundo",
	NOTE = "(Acesso em 22 de Mar\c{c}o de 2022)"
}

@misc{robos_e_fundos,
	AUTHOR = "INFOMONEY",
	TITLE = "No Brasil, rob\^os de investimento n\~ao conseguem bater melhores fundos",
	HOWPUBLISHED = "https://www.infomoney.com.br/onde-investir/no-brasil-robos-de-investimento-nao-conseguem-bater-melhores-fundos",
	NOTE = "(Acesso em 22 de Mar\c{c}o de 2022)"
}

@misc{ml_finantial_usage,
  author        = "Ana Fernandez",
  title         = "Artificial intelligence in financial services",
  journal       = "Banco de Espana Article",
  year          = "2019 [Online]",
  month         = "Apr. 5,",
  HOWPUBLISHED  = "Available at SSRN: https://ssrn.com/abstract=3366846 or http://dx.doi.org/10.2139/ssrn.3366846"
}

@misc{mercado_de_capitais,
	AUTHOR = "CVM",
	TITLE = "Entendendo o Mercado de Valores Mobiliários",
	HOWPUBLISHED = "https://www.investidor.gov.br/menu/primeiros\_passos/entendendo\_mercado\_valores.html",
	NOTE = "(Acesso em 24 de Mar\c{c}o de 2022)"
}

@misc{lei_6385,
	AUTHOR = "Brasil",
	TITLE = "Lei nº 6.385, de 7 de dezembro de 1976. Disp\~oe sobre o mercado de valores mobili\'arios e cria a Comiss\~ao de Valores Mobili\'arios",
	HOWPUBLISHED = "http://www.planalto.gov.br/ccivil\_03/leis/l6385.htm"
}

@misc{b3,
	AUTHOR = "B3",
	TITLE = "Uma das principais empresas de infraestrutura de mercado financeiro do mundo",
	HOWPUBLISHED = "https://www.b3.com.br/pt\_br/b3/institucional/quem-somos/",
	NOTE = "(Acesso em 24 de Mar\c{c}o de 2022)"
}